@inproceedings{sadikov2009blogs,
  title={Blogs as Predictors of Movie Success.},
  author={Sadikov, Eldar and Parameswaran, Aditya G and Venetis, Petros and others},
  booktitle={ICWSM},
  year={2009}
}


@article{o2010tweets,
  title={From tweets to polls: Linking text sentiment to public opinion time series.},
  author={O'Connor, Brendan and Balasubramanyan, Ramnath and Routledge, Bryan R and Smith, Noah A and others},
  journal={Icwsm},
  volume={11},
  number={122-129},
  pages={1--2},
  year={2010}
}

@article{khanhealthcare,
author = {Khan, Taimoor and Khalid, Shehzad},
year = {2015},
month = {06},
pages = {78-91},
title = {Sentiment Analysis for Health Care},
volume = {3},
booktitle = {International Journal of Privacy and Health Information Management}
}

@article{tumasjan2010predicting,
  title={Predicting elections with twitter: What 140 characters reveal about political sentiment.},
  author={Tumasjan, Andranik and Sprenger, Timm Oliver and Sandner, Philipp G and Welpe, Isabell M},
  journal={Icwsm},
  volume={10},
  number={1},
  pages={178--185},
  year={2010}
}

@inproceedings{devitt2007sentiment,
  title={Sentiment polarity identification in financial news: A cohesion-based approach},
  author={Devitt, Ann and Ahmad, Khurshid},
  booktitle={Proceedings of the 45th annual meeting of the association of computational linguistics},
  pages={984--991},
  year={2007}
}

@article{pang2008opinion,
  title={Opinion mining and sentiment analysis},
  author={Pang, Bo and Lee, Lillian and others},
  journal={Foundations and Trends{\textregistered} in Information Retrieval},
  volume={2},
  number={1--2},
  pages={1--135},
  year={2008},
  publisher={Now Publishers, Inc.}
}

@article{liu2012sentiment,
  title={Sentiment analysis and opinion mining},
  author={Liu, Bing},
  journal={Synthesis lectures on human language technologies},
  volume={5},
  number={1},
  pages={1--167},
  year={2012},
  publisher={Morgan \& Claypool Publishers}
}

@inproceedings{joachims1999transductive,
  title={Transductive inference for text classification using support vector machines},
  author={Joachims, Thorsten},
  booktitle={ICML},
  volume={99},
  pages={200--209},
  year={1999}
}

@book{cristianini2000introduction,
  title={An introduction to support vector machines and other kernel-based learning methods},
  author={Cristianini, Nello and Shawe-Taylor, John},
  year={2000},
  publisher={Cambridge university press}
}

@inproceedings{pang2002thumbs,
  title={Thumbs up?: sentiment classification using machine learning techniques},
  author={Pang, Bo and Lee, Lillian and Vaithyanathan, Shivakumar},
  booktitle={Proceedings of the ACL-02 conference on Empirical methods in natural language processing-Volume 10},
  pages={79--86},
  year={2002},
  organization={Association for Computational Linguistics}
}

@inproceedings{dave2003mining,
  title={Mining the peanut gallery: Opinion extraction and semantic classification of product reviews},
  author={Dave, Kushal and Lawrence, Steve and Pennock, David M},
  booktitle={Proceedings of the 12th international conference on World Wide Web},
  pages={519--528},
  year={2003},
  organization={ACM}
}

@inproceedings{pang2005seeing,
  title={Seeing stars: Exploiting class relationships for sentiment categorization with respect to rating scales},
  author={Pang, Bo and Lee, Lillian},
  booktitle={Proceedings of the 43rd annual meeting on association for computational linguistics},
  pages={115--124},
  year={2005},
  organization={Association for Computational Linguistics}
}

@inproceedings{long2010review,
  title={A review selection approach for accurate feature rating estimation},
  author={Long, Chong and Zhang, Jie and Zhut, Xiaoyan},
  booktitle={Proceedings of the 23rd International Conference on Computational Linguistics: Posters},
  pages={766--774},
  year={2010},
  organization={Association for Computational Linguistics}
}

@inproceedings{aue2005customizing,
  title={Customizing sentiment classifiers to new domains: A case study},
  author={Aue, Anthony and Gamon, Michael},
  booktitle={Proceedings of recent advances in natural language processing (RANLP)},
  volume={1},
  number={3.1},
  pages={2--1},
  year={2005},
  organization={Citeseer}
}

@inproceedings{blitzer2007biographies,
  title={Biographies, bollywood, boom-boxes and blenders: Domain adaptation for sentiment classification},
  author={Blitzer, John and Dredze, Mark and Pereira, Fernando},
  booktitle={Proceedings of the 45th annual meeting of the association of computational linguistics},
  pages={440--447},
  year={2007}
}

@inproceedings{tan2007novel,
  title={A novel scheme for domain-transfer problem in the context of sentiment analysis},
  author={Tan, Songbo and Wu, Gaowei and Tang, Huifeng and Cheng, Xueqi},
  booktitle={Proceedings of the sixteenth ACM conference on Conference on information and knowledge management},
  pages={979--982},
  year={2007},
  organization={ACM}
}

@inproceedings{wan2008using,
  title={Using bilingual knowledge and ensemble techniques for unsupervised Chinese sentiment analysis},
  author={Wan, Xiaojun},
  booktitle={Proceedings of the conference on empirical methods in natural language processing},
  pages={553--561},
  year={2008},
  organization={Association for Computational Linguistics}
}

@inproceedings{wan2009co,
  title={Co-training for cross-lingual sentiment classification},
  author={Wan, Xiaojun},
  booktitle={Proceedings of the Joint Conference of the 47th Annual Meeting of the ACL and the 4th International Joint Conference on Natural Language Processing of the AFNLP: Volume 1-volume 1},
  pages={235--243},
  year={2009},
  organization={Association for Computational Linguistics}
}

@inproceedings{wan2013co,
  title={Co-regression for cross-language review rating prediction},
  author={Wan, Xiaojun},
  booktitle={Proceedings of the 51st Annual Meeting of the Association for Computational Linguistics (Volume 2: Short Papers)},
  volume={2},
  pages={526--531},
  year={2013}
}

@inproceedings{boyd2010holistic,
  title={Holistic sentiment analysis across languages: Multilingual supervised latent Dirichlet allocation},
  author={Boyd-Graber, Jordan and Resnik, Philip},
  booktitle={Proceedings of the 2010 Conference on Empirical Methods in Natural Language Processing},
  pages={45--55},
  year={2010},
  organization={Association for Computational Linguistics}
}

@inproceedings{wiebe1999development,
  title={Development and use of a gold-standard data set for subjectivity classifications},
  author={Wiebe, Janyce M and Bruce, Rebecca F and O'Hara, Thomas P},
  booktitle={Proceedings of the 37th annual meeting of the Association for Computational Linguistics on Computational Linguistics},
  pages={246--253},
  year={1999},
  organization={Association for Computational Linguistics}
}

@inproceedings{wiebe1999development,
  title={Development and use of a gold-standard data set for subjectivity classifications},
  author={Wiebe, Janyce M and Bruce, Rebecca F and O'Hara, Thomas P},
  booktitle={Proceedings of the 37th annual meeting of the Association for Computational Linguistics on Computational Linguistics},
  pages={246--253},
  year={1999},
  organization={Association for Computational Linguistics}
}

@inproceedings{yu2003towards,
  title={Towards answering opinion questions: Separating facts from opinions and identifying the polarity of opinion sentences},
  author={Yu, Hong and Hatzivassiloglou, Vasileios},
  booktitle={Proceedings of the 2003 conference on Empirical methods in natural language processing},
  pages={129--136},
  year={2003},
  organization={Association for Computational Linguistics}
}

@inproceedings{pang2004sentimental,
  title={A sentimental education: Sentiment analysis using subjectivity summarization based on minimum cuts},
  author={Pang, Bo and Lee, Lillian},
  booktitle={Proceedings of the 42nd annual meeting on Association for Computational Linguistics},
  pages={271},
  year={2004},
  organization={Association for Computational Linguistics}
}

@inproceedings{narayanan2009sentiment,
  title={Sentiment analysis of conditional sentences},
  author={Narayanan, Ramanathan and Liu, Bing and Choudhary, Alok},
  booktitle={Proceedings of the 2009 Conference on Empirical Methods in Natural Language Processing: Volume 1-Volume 1},
  pages={180--189},
  year={2009},
  organization={Association for Computational Linguistics}
}


@inproceedings{davidov2010semi,
  title={Semi-supervised recognition of sarcastic sentences in twitter and amazon},
  author={Davidov, Dmitry and Tsur, Oren and Rappoport, Ari},
  booktitle={Proceedings of the fourteenth conference on computational natural language learning},
  pages={107--116},
  year={2010},
  organization={Association for Computational Linguistics}
}

@inproceedings{jiang2011target,
  title={Target-dependent twitter sentiment classification},
  author={Jiang, Long and Yu, Mo and Zhou, Ming and Liu, Xiaohua and Zhao, Tiejun},
  booktitle={Proceedings of the 49th Annual Meeting of the Association for Computational Linguistics: Human Language Technologies-Volume 1},
  pages={151--160},
  year={2011},
  organization={Association for Computational Linguistics}
}

@article{boiy2009machine,
  title={A machine learning approach to sentiment analysis in multilingual Web texts},
  author={Boiy, Erik and Moens, Marie-Francine},
  journal={Information retrieval},
  volume={12},
  number={5},
  pages={526--558},
  year={2009},
  publisher={Springer}
}

@article{Augustyniak2014SimplerIB,
  title={Simpler is better? Lexicon-based ensemble sentiment classification beats supervised methods},
  author={Lukasz Augustyniak and Tomasz Kajdanowicz and Piotr Szymanski and Wlodzimierz Tuliglowicz and Przemyslaw Kazienko and Reda Alhajj and Boleslaw K. Szymanski},
  journal={2014 IEEE/ACM International Conference on Advances in Social Networks Analysis and Mining (ASONAM 2014)},
  year={2014},
  pages={924-929}
}